%% This BibTeX bibliography file was created using BibDesk.
%% http://bibdesk.sourceforge.net/

%% Created for Sakari Pesonen at 2016-09-26 00:36:55 -0700 


%% Saved with string encoding Unicode (UTF-8) 



@misc{rf-architecture,
	Author = {{Robot Framework software architecture}},
	Date-Added = {2016-09-26 07:35:47 +0000},
	Date-Modified = {2016-09-26 07:36:55 +0000},
	Howpublished = {URL \url{http://robotframework.org/img/architecture-big.png} Accessed 1.6.2016},
	Read = {1},
	Year = {n.d.}}

@misc{image1,
	Author = {{Ingenico payment terminal}},
	Date-Added = {2016-09-23 06:28:26 +0000},
	Date-Modified = {2016-09-23 06:36:37 +0000},
	Howpublished = {URL \url{http://www.netskauppa.fi/images/t/24-85-PrimaryImage.image.ashx} Accessed 4.4.2016},
	Read = {1},
	Year = {n.d.}}

@misc{opencv,
	Author = {{OpenCV}},
	Date-Added = {2016-09-13 07:20:11 +0000},
	Date-Modified = {2016-09-15 03:05:33 +0000},
	Howpublished = {URL \url{http://opencv.org/} Accessed 18.7.2016},
	Read = {1},
	Year = {n.d.}}

@book{clean-code,
	Author = {Martin, R.C.},
	Date-Added = {2016-09-13 02:57:58 +0000},
	Date-Modified = {2016-09-13 02:59:06 +0000},
	Isbn = {9780132350884},
	Lccn = {20080240},
	Publisher = {Prentice Hall},
	Read = {1},
	Series = {Robert C. Martin series},
	Title = {Clean Code: A Handbook of Agile Software Craftsmanship},
	Url = {https://books.google.com/books?id=hjEFCAAAQBAJ},
	Year = {2009},
	Bdsk-Url-1 = {https://books.google.com/books?id=hjEFCAAAQBAJ}}

@misc{cnc-library,
	Author = {{Robot Framework CNC Library}},
	Date-Added = {2016-09-13 02:33:51 +0000},
	Date-Modified = {2016-09-15 03:05:29 +0000},
	Howpublished = {URL \url{https://github.com/Eficode/robotframework-cnclibrary} Accessed 1.8.2016},
	Read = {1},
	Year = {n.d.}}

@inproceedings{Ramler,
	Acmid = {2593788},
	Address = {New York, NY, USA},
	Author = {Ramler, Rudolf and Putsch\"{o}gl, Werner and Winkler, Dietmar},
	Booktitle = {Proceedings of the 1st International Workshop on Modern Software Engineering Methods for Industrial Automation},
	Date-Added = {2016-09-12 08:10:42 +0000},
	Date-Modified = {2016-09-12 08:10:58 +0000},
	Doi = {10.1145/2593783.2593788},
	Isbn = {978-1-4503-2851-7},
	Keywords = {IEC 61131-3, PLC software, Software testing, test automation},
	Location = {Hyderabad, India},
	Numpages = {10},
	Pages = {7--16},
	Publisher = {ACM},
	Read = {1},
	Series = {MoSEMInA 2014},
	Title = {Automated Testing of Industrial Automation Software: Practical Receipts and Lessons Learned},
	Url = {http://doi.acm.org/10.1145/2593783.2593788},
	Year = {2014},
	Bdsk-Url-1 = {http://doi.acm.org/10.1145/2593783.2593788},
	Bdsk-Url-2 = {http://dx.doi.org/10.1145/2593783.2593788}}

@book{broekman2003testing,
	Author = {Broekman, Bart and Notenboom, Edwin},
	Date-Added = {2016-09-12 07:53:22 +0000},
	Date-Modified = {2016-09-12 07:53:32 +0000},
	Publisher = {Pearson Education},
	Read = {1},
	Title = {Testing embedded software},
	Year = {2003}}

@misc{python,
	Author = {{Python}},
	Date-Added = {2016-09-12 02:00:11 +0000},
	Date-Modified = {2016-09-15 03:05:25 +0000},
	Howpublished = {URL \url{https://www.python.org/} Accessed 7.9.2016},
	Read = {1},
	Year = {n.d.}}

@misc{picamera,
	Author = {{Picamera}},
	Date-Added = {2016-09-12 01:58:58 +0000},
	Date-Modified = {2016-09-15 03:05:22 +0000},
	Howpublished = {URL \url{http://picamera.readthedocs.io/en/release-1.12/} Accessed 7.9.2016},
	Read = {1},
	Year = {n.d.}}

@misc{grbl_shield,
	Author = {{grblShield}},
	Date-Added = {2016-09-12 01:56:26 +0000},
	Date-Modified = {2016-09-15 03:05:18 +0000},
	Howpublished = {URL \url{https://www.synthetos.com/project/grblshield/} Accessed 1.9.2016},
	Read = {1},
	Year = {n.d.}}

@misc{pytesseract,
	Author = {{Pytesseract}},
	Date-Added = {2016-09-12 01:48:34 +0000},
	Date-Modified = {2016-09-15 03:05:14 +0000},
	Howpublished = {URL \url{https://pypi.python.org/pypi/pytesseract} Accessed 4.5.2016},
	Read = {1},
	Year = {n.d.}}

@misc{tesseract,
	Author = {{Tesseract OCR}},
	Date-Added = {2016-09-12 01:47:13 +0000},
	Date-Modified = {2016-09-15 03:05:10 +0000},
	Howpublished = {URL \url{https://github.com/tesseract-ocr/tesseract} Accessed 4.5.2016},
	Read = {1},
	Year = {n.d.}}

@misc{pyserial,
	Author = {{pySerial}},
	Date-Added = {2016-09-12 01:43:37 +0000},
	Date-Modified = {2016-09-15 03:05:07 +0000},
	Howpublished = {URL \url{http://pythonhosted.org/pyserial/} Accessed 4.5.2016},
	Read = {1},
	Year = {n.d.}}

@misc{raspbian,
	Author = {{Raspbian}},
	Date-Added = {2016-09-12 01:41:48 +0000},
	Date-Modified = {2016-09-15 03:05:02 +0000},
	Howpublished = {URL \url{https://www.raspberrypi.org/downloads/raspbian/} Accessed 4.5.2016},
	Read = {1},
	Year = {n.d.}}

@misc{raspberry_camera,
	Author = {{Raspberry Pi Camera Module}},
	Date-Added = {2016-09-12 01:38:49 +0000},
	Date-Modified = {2016-09-15 03:04:57 +0000},
	Howpublished = {URL \url{https://www.raspberrypi.org/products/camera-module/} Accessed 1.6.2016},
	Read = {1},
	Year = {n.d.}}

@misc{raspberry,
	Author = {{Raspberry Pi 2}},
	Date-Added = {2016-09-12 01:37:11 +0000},
	Date-Modified = {2016-09-15 03:04:53 +0000},
	Howpublished = {URL \url{https://www.raspberrypi.org/products/raspberry-pi-2-model-b/} Accessed 1.6.2016},
	Read = {1},
	Year = {n.d.}}

@misc{bcn3d,
	Author = {{BCN3D-Moveo}},
	Date-Added = {2016-09-12 01:35:48 +0000},
	Date-Modified = {2016-09-15 03:04:49 +0000},
	Howpublished = {URL \url{https://github.com/BCN3D/BCN3D-Moveo} Accessed 5.9.2016},
	Read = {1},
	Year = {n.d.}}

@misc{grbl,
	Author = {{GRBL}},
	Date-Added = {2016-09-12 01:26:27 +0000},
	Date-Modified = {2016-09-15 03:04:45 +0000},
	Howpublished = {URL \url{https://github.com/grbl/grbl} Accessed 15.7.2016},
	Read = {1},
	Year = {n.d.}}

@misc{shapeoko_git,
	Author = {{ShapeOko 2 Github}},
	Date-Added = {2016-09-12 01:24:27 +0000},
	Date-Modified = {2016-09-15 03:04:41 +0000},
	Howpublished = {URL \url{https://github.com/shapeoko/Shapeoko_2} Accessed 15.7.2016},
	Read = {1},
	Year = {n.d.}}

@book{huizinga2007automated,
	Author = {Huizinga, Dorota and Kolawa, Adam},
	Date-Added = {2016-09-10 05:20:41 +0000},
	Date-Modified = {2016-09-11 01:18:45 +0000},
	Publisher = {John Wiley \& Sons},
	Read = {1},
	Title = {Automated defect prevention: best practices in software management},
	Year = {2007}}

@misc{shapeoko,
	Author = {{ShapeOko 2}},
	Date-Added = {2016-09-09 04:16:30 +0000},
	Date-Modified = {2016-09-15 03:04:36 +0000},
	Howpublished = {URL \url{http://www.shapeoko.com/wiki/index.php/ShapeOko_2} Accessed 1.6.2016},
	Read = {1},
	Year = {n.d.}}

@misc{robotframework,
	Author = {{Robot Framework}},
	Date-Added = {2016-09-08 03:56:08 +0000},
	Date-Modified = {2016-09-15 03:04:31 +0000},
	Howpublished = {URL \url{http://robotframework.org/} Accessed 1.6.2016},
	Read = {1},
	Year = {n.d.}}

@misc{cucumber,
	Author = {Cucumber},
	Date-Added = {2016-09-08 03:09:28 +0000},
	Date-Modified = {2016-09-15 03:04:27 +0000},
	Howpublished = {URL \url{https://cucumber.io/} Accessed 7.9.2016},
	Read = {1},
	Year = {n.d.}}

@misc{gherkin,
	Author = {Gherkin},
	Date-Added = {2016-09-08 03:04:16 +0000},
	Date-Modified = {2016-09-15 03:04:08 +0000},
	Howpublished = {URL \url{https://github.com/cucumber/cucumber/wiki/Gherkin} Accessed 7.9.2016},
	Read = {1},
	Year = {n.d.}}

@misc{junit,
	Author = {JUnit},
	Date-Added = {2016-09-08 02:43:57 +0000},
	Date-Modified = {2016-09-15 02:53:54 +0000},
	Howpublished = {URL \url{http://junit.org/} Accessed 7.9.2016},
	Lastchecked = {7.9.2016},
	Read = {1},
	Urldate = {7.9.2016},
	Year = {n.d.}}

@book{pressman2005software,
	Author = {Pressman, R.S.},
	Date-Added = {2016-08-31 07:39:18 +0000},
	Date-Modified = {2016-08-31 07:39:41 +0000},
	Isbn = {9780073019338},
	Lccn = {2003026394},
	Publisher = {Boston},
	Read = {1},
	Series = {McGraw-Hill higher education},
	Title = {Software Engineering: A Practitioner's Approach},
	Url = {https://books.google.com/books?id=bL7QZHtWvaUC},
	Year = {2005},
	Bdsk-Url-1 = {https://books.google.com/books?id=bL7QZHtWvaUC}}

@book{just_enough,
	Author = {Mosley, D.J. and Posey, B.A.},
	Date-Added = {2016-08-31 06:30:20 +0000},
	Date-Modified = {2016-08-31 06:30:45 +0000},
	Isbn = {9780130084682},
	Lccn = {2002072366},
	Publisher = {Prentice Hall PTR},
	Read = {1},
	Series = {Just enough series},
	Title = {Just Enough Software Test Automation},
	Url = {https://books.google.com/books?id=PEBvfWESIt4C},
	Year = {2002},
	Bdsk-Url-1 = {https://books.google.com/books?id=PEBvfWESIt4C}}

@article{snakeoil,
	Author = { James Bach},
	Date-Added = {2016-08-31 04:29:45 +0000},
	Date-Modified = {2016-08-31 04:36:52 +0000},
	Journal = {Windows Tech Journal},
	Rating = {5},
	Read = {1},
	Title = {Test Automation Snake Oil},
	Volume = {10},
	Year = {1996},
	Bdsk-File-1 = {YnBsaXN0MDDUAQIDBAUGJCVYJHZlcnNpb25YJG9iamVjdHNZJGFyY2hpdmVyVCR0b3ASAAGGoKgHCBMUFRYaIVUkbnVsbNMJCgsMDxJXTlMua2V5c1pOUy5vYmplY3RzViRjbGFzc6INDoACgAOiEBGABIAFgAdccmVsYXRpdmVQYXRoWWFsaWFzRGF0YV8QLS4uLy4uL0Rvd25sb2Fkcy90ZXN0X2F1dG9tYXRpb25fc25ha2Vfb2lsLnBkZtIXCxgZV05TLmRhdGFPEQHKAAAAAAHKAAIAAAxNYWNpbnRvc2ggSEQAAAAAAAAAAAAAAAAAAADQiSvKSCsAAAAJQgMddGVzdF9hdXRvbWF0aW9uX3NuYWtlX29pbC5wZGYAAAAAAAAAAAAAAAAAAAAAAAAAAAAAAAAAAAAAAAAAAAAAAfR+6NPrrV0AAAAAAAAAAAACAAIAAAkgAAAAAAAAAAAAAAAAAAAACURvd25sb2FkcwAAEAAIAADQiZxKAAAAEQAIAADT7A/NAAAAAQAMAAlCAwAJQgAAApPTAAIAS01hY2ludG9zaCBIRDpVc2VyczoAc2FrYXJpcGVzb25lbjoARG93bmxvYWRzOgB0ZXN0X2F1dG9tYXRpb25fc25ha2Vfb2lsLnBkZgAADgA8AB0AdABlAHMAdABfAGEAdQB0AG8AbQBhAHQAaQBvAG4AXwBzAG4AYQBrAGUAXwBvAGkAbAAuAHAAZABmAA8AGgAMAE0AYQBjAGkAbgB0AG8AcwBoACAASABEABIAO1VzZXJzL3Nha2FyaXBlc29uZW4vRG93bmxvYWRzL3Rlc3RfYXV0b21hdGlvbl9zbmFrZV9vaWwucGRmAAATAAEvAAAVAAIAFP//AACABtIbHB0eWiRjbGFzc25hbWVYJGNsYXNzZXNdTlNNdXRhYmxlRGF0YaMdHyBWTlNEYXRhWE5TT2JqZWN00hscIiNcTlNEaWN0aW9uYXJ5oiIgXxAPTlNLZXllZEFyY2hpdmVy0SYnVHJvb3SAAQAIABEAGgAjAC0AMgA3AEAARgBNAFUAYABnAGoAbABuAHEAcwB1AHcAhACOAL4AwwDLApkCmwKgAqsCtALCAsYCzQLWAtsC6ALrAv0DAAMFAAAAAAAAAgEAAAAAAAAAKAAAAAAAAAAAAAAAAAAAAwc=}}

@book{sommerville2011software,
	Author = {Sommerville, I.},
	Date-Modified = {2016-08-30 03:29:24 +0000},
	Isbn = {9780137053469},
	Lccn = {2009053058},
	Publisher = {Pearson},
	Read = {1},
	Series = {International Computer Science Series},
	Title = {Software Engineering},
	Url = {https://books.google.fi/books?id=l0egcQAACAAJ},
	Year = {2011},
	Bdsk-Url-1 = {https://books.google.fi/books?id=l0egcQAACAAJ}}

@book{myers2011art,
	Author = {Myers, G.J. and Sandler, C. and Badgett, T.},
	Date-Modified = {2016-08-30 03:29:44 +0000},
	Isbn = {9781118133156},
	Publisher = {Wiley},
	Read = {1},
	Series = {ITPro collection},
	Title = {The Art of Software Testing},
	Url = {https://books.google.fi/books?id=GjyEFPkMCwcC},
	Year = {2011},
	Bdsk-Url-1 = {https://books.google.fi/books?id=GjyEFPkMCwcC},
	Bdsk-File-1 = {YnBsaXN0MDDUAQIDBAUGJCVYJHZlcnNpb25YJG9iamVjdHNZJGFyY2hpdmVyVCR0b3ASAAGGoKgHCBMUFRYaIVUkbnVsbNMJCgsMDxJXTlMua2V5c1pOUy5vYmplY3RzViRjbGFzc6INDoACgAOiEBGABIAFgAdccmVsYXRpdmVQYXRoWWFsaWFzRGF0YV8QKy4uLy4uL0Rvd25sb2Fkcy9UaGVBcnRvZlNvZnR3YXJlVGVzdGluZy5wZGbSFwsYGVdOUy5kYXRhTxEBwgAAAAABwgACAAAMTWFjaW50b3NoIEhEAAAAAAAAAAAAAAAAAAAA0IkrykgrAAAACUIDG1RoZUFydG9mU29mdHdhcmVUZXN0aW5nLnBkZgAAAAAAAAAAAAAAAAAAAAAAAAAAAAAAAAAAAAAAAAAAAAAAAAHOS0PTT1GiAAAAAAAAAAAAAgACAAAJIAAAAAAAAAAAAAAAAAAAAAlEb3dubG9hZHMAABAACAAA0ImcSgAAABEACAAA00+0EgAAAAEADAAJQgMACUIAAAKT0wACAElNYWNpbnRvc2ggSEQ6VXNlcnM6AHNha2FyaXBlc29uZW46AERvd25sb2FkczoAVGhlQXJ0b2ZTb2Z0d2FyZVRlc3RpbmcucGRmAAAOADgAGwBUAGgAZQBBAHIAdABvAGYAUwBvAGYAdAB3AGEAcgBlAFQAZQBzAHQAaQBuAGcALgBwAGQAZgAPABoADABNAGEAYwBpAG4AdABvAHMAaAAgAEgARAASADlVc2Vycy9zYWthcmlwZXNvbmVuL0Rvd25sb2Fkcy9UaGVBcnRvZlNvZnR3YXJlVGVzdGluZy5wZGYAABMAAS8AABUAAgAU//8AAIAG0hscHR5aJGNsYXNzbmFtZVgkY2xhc3Nlc11OU011dGFibGVEYXRhox0fIFZOU0RhdGFYTlNPYmplY3TSGxwiI1xOU0RpY3Rpb25hcnmiIiBfEA9OU0tleWVkQXJjaGl2ZXLRJidUcm9vdIABAAgAEQAaACMALQAyADcAQABGAE0AVQBgAGcAagBsAG4AcQBzAHUAdwCEAI4AvADBAMkCjwKRApYCoQKqArgCvALDAswC0QLeAuEC8wL2AvsAAAAAAAACAQAAAAAAAAAoAAAAAAAAAAAAAAAAAAAC/Q==}}

@inproceedings{haugset2008automated,
	Author = {Haugset, Borge and Hanssen, Geir Kjetil},
	Booktitle = {Agile, 2008. AGILE'08. Conference},
	Date-Modified = {2016-08-30 03:29:10 +0000},
	Organization = {IEEE},
	Pages = {27--38},
	Read = {1},
	Title = {Automated acceptance testing: A literature review and an industrial case study},
	Year = {2008}}

@article{ebert2009embedded,
	Author = {Ebert, Christof and Jones, Capers},
	Date-Modified = {2016-08-30 03:29:13 +0000},
	Journal = {Computer},
	Number = {4},
	Pages = {42--52},
	Publisher = {IEEE},
	Read = {1},
	Title = {Embedded software: Facts, figures, and future},
	Year = {2009}}

@article{paulson2004empirical,
	Author = {Paulson, James W and Succi, Giancarlo and Eberlein, Armin},
	Date-Modified = {2016-08-30 03:29:09 +0000},
	Journal = {Software Engineering, IEEE Transactions on},
	Number = {4},
	Pages = {246--256},
	Publisher = {IEEE},
	Read = {1},
	Title = {An empirical study of open-source and closed-source software products},
	Volume = {30},
	Year = {2004}}

@article{khan2012comparative,
	Author = {Khan, Mohd Ehmer and Khan, Farmeena},
	Date-Modified = {2016-08-30 03:29:03 +0000},
	Journal = {Int. J. Adv. Comput. Sci. Appl},
	Number = {6},
	Publisher = {Citeseer},
	Read = {1},
	Title = {A comparative study of white box, black box and grey box testing techniques},
	Volume = {3},
	Year = {2012}}

@incollection{morgan2007benefits,
	Author = {Morgan, Lorraine and Finnegan, Patrick},
	Booktitle = {Open Source Development, Adoption and Innovation},
	Date-Modified = {2016-08-30 03:29:12 +0000},
	Pages = {307--312},
	Publisher = {Springer},
	Read = {1},
	Title = {Benefits and drawbacks of open source software: an exploratory study of secondary software firms},
	Year = {2007}}

@incollection{lowell2003successful,
	Author = {Lowell, Charles and Stell-Smith, Jeremy},
	Booktitle = {Extreme programming and agile processes in software engineering},
	Date-Modified = {2016-08-30 03:29:41 +0000},
	Pages = {331--333},
	Publisher = {Springer},
	Read = {1},
	Title = {Successful automation of GUI driven acceptance testing},
	Year = {2003}}

@inproceedings{stresnjak2011usage,
	Author = {Stresnjak, Stanislav and Hocenski, Zeljko},
	Booktitle = {ICSEA 2011 The Sixth International Conference on Software Engineering Advances},
	Date-Modified = {2016-08-30 03:29:49 +0000},
	Read = {1},
	Title = {Usage of Robot Framework in Automation of Functional Test Regression},
	Year = {2011}}

@misc{Rfuserguide,
	Author = {{Robot Framework User Guide}},
	Date-Modified = {2016-09-26 05:33:37 +0000},
	Howpublished = {URL \url{http://robotframework.org/robotframework/latest/RobotFrameworkUserGuide.html/} Accessed 6.5.2016},
	Read = {1},
	Year = {2015}}
